%YAML 1.1
%TAG !u! tag:unity3d.com,2011:
--- !u!1 &100000
GameObject:
  m_ObjectHideFlags: 0
  m_PrefabParentObject: {fileID: 0}
  m_PrefabInternal: {fileID: 100100000}
  serializedVersion: 4
  m_Component:
  - 4: {fileID: 400000}
  - 114: {fileID: 11400000}
  m_Layer: 13
  m_Name: MinimapSystem
  m_TagString: Untagged
  m_Icon: {fileID: 0}
  m_NavMeshLayer: 0
  m_StaticEditorFlags: 0
  m_IsActive: 0
--- !u!1 &100002
GameObject:
  m_ObjectHideFlags: 0
  m_PrefabParentObject: {fileID: 0}
  m_PrefabInternal: {fileID: 100100000}
  serializedVersion: 4
  m_Component:
  - 4: {fileID: 400002}
  - 33: {fileID: 3300000}
  - 65: {fileID: 6500000}
  - 23: {fileID: 2300000}
  m_Layer: 0
  m_Name: measure_cube
  m_TagString: Untagged
  m_Icon: {fileID: 0}
  m_NavMeshLayer: 0
  m_StaticEditorFlags: 0
  m_IsActive: 1
--- !u!1 &100004
GameObject:
  m_ObjectHideFlags: 0
  m_PrefabParentObject: {fileID: 0}
  m_PrefabInternal: {fileID: 100100000}
  serializedVersion: 4
  m_Component:
  - 4: {fileID: 400004}
  - 33: {fileID: 3300002}
  - 65: {fileID: 6500002}
  - 23: {fileID: 2300002}
  m_Layer: 0
  m_Name: measure_cube
  m_TagString: Untagged
  m_Icon: {fileID: 0}
  m_NavMeshLayer: 0
  m_StaticEditorFlags: 0
  m_IsActive: 1
--- !u!4 &400000
Transform:
  m_ObjectHideFlags: 1
  m_PrefabParentObject: {fileID: 0}
  m_PrefabInternal: {fileID: 100100000}
  m_GameObject: {fileID: 100000}
  m_LocalRotation: {x: 0, y: 0, z: 0, w: 1}
  m_LocalPosition: {x: 0, y: 0, z: 0}
  m_LocalScale: {x: 1, y: 1, z: 1}
  m_Children:
  - {fileID: 400002}
  - {fileID: 400004}
  m_Father: {fileID: 0}
--- !u!4 &400002
Transform:
  m_ObjectHideFlags: 1
  m_PrefabParentObject: {fileID: 0}
  m_PrefabInternal: {fileID: 100100000}
  m_GameObject: {fileID: 100002}
  m_LocalRotation: {x: 0, y: 0, z: 0, w: 1}
  m_LocalPosition: {x: -41.0998993, y: 24.0386066, z: -55.6025581}
  m_LocalScale: {x: 150, y: 53.0772133, z: 150}
  m_Children: []
  m_Father: {fileID: 400000}
--- !u!4 &400004
Transform:
  m_ObjectHideFlags: 1
  m_PrefabParentObject: {fileID: 0}
  m_PrefabInternal: {fileID: 100100000}
  m_GameObject: {fileID: 100004}
  m_LocalRotation: {x: 0, y: 0, z: 0, w: 1}
  m_LocalPosition: {x: -41.0998993, y: 20.432951, z: -33.1631851}
  m_LocalScale: {x: 125, y: 60.2885208, z: 169.515228}
  m_Children: []
  m_Father: {fileID: 400000}
--- !u!23 &2300000
Renderer:
  m_ObjectHideFlags: 1
  m_PrefabParentObject: {fileID: 0}
  m_PrefabInternal: {fileID: 100100000}
  m_GameObject: {fileID: 100002}
  m_Enabled: 0
  m_CastShadows: 1
  m_ReceiveShadows: 1
  m_LightmapIndex: 255
  m_LightmapTilingOffset: {x: 1, y: 1, z: 0, w: 0}
  m_Materials:
  - {fileID: 10302, guid: 0000000000000000f000000000000000, type: 0}
  m_SubsetIndices: 
  m_StaticBatchRoot: {fileID: 0}
  m_UseLightProbes: 0
  m_LightProbeAnchor: {fileID: 0}
  m_ScaleInLightmap: 1
  m_SortingLayer: 0
  m_SortingOrder: 0
  m_SortingLayerID: 0
--- !u!23 &2300002
Renderer:
  m_ObjectHideFlags: 1
  m_PrefabParentObject: {fileID: 0}
  m_PrefabInternal: {fileID: 100100000}
  m_GameObject: {fileID: 100004}
  m_Enabled: 0
  m_CastShadows: 1
  m_ReceiveShadows: 1
  m_LightmapIndex: 255
  m_LightmapTilingOffset: {x: 1, y: 1, z: 0, w: 0}
  m_Materials:
  - {fileID: 10302, guid: 0000000000000000f000000000000000, type: 0}
  m_SubsetIndices: 
  m_StaticBatchRoot: {fileID: 0}
  m_UseLightProbes: 0
  m_LightProbeAnchor: {fileID: 0}
  m_ScaleInLightmap: 1
  m_SortingLayer: 0
  m_SortingOrder: 0
  m_SortingLayerID: 0
--- !u!33 &3300000
MeshFilter:
  m_ObjectHideFlags: 1
  m_PrefabParentObject: {fileID: 0}
  m_PrefabInternal: {fileID: 100100000}
  m_GameObject: {fileID: 100002}
  m_Mesh: {fileID: 10202, guid: 0000000000000000e000000000000000, type: 0}
--- !u!33 &3300002
MeshFilter:
  m_ObjectHideFlags: 1
  m_PrefabParentObject: {fileID: 0}
  m_PrefabInternal: {fileID: 100100000}
  m_GameObject: {fileID: 100004}
  m_Mesh: {fileID: 10202, guid: 0000000000000000e000000000000000, type: 0}
--- !u!65 &6500000
BoxCollider:
  m_ObjectHideFlags: 1
  m_PrefabParentObject: {fileID: 0}
  m_PrefabInternal: {fileID: 100100000}
  m_GameObject: {fileID: 100002}
  m_Material: {fileID: 0}
  m_IsTrigger: 0
  m_Enabled: 0
  serializedVersion: 2
  m_Size: {x: 1, y: 1, z: 1}
  m_Center: {x: 0, y: 0, z: 0}
--- !u!65 &6500002
BoxCollider:
  m_ObjectHideFlags: 1
  m_PrefabParentObject: {fileID: 0}
  m_PrefabInternal: {fileID: 100100000}
  m_GameObject: {fileID: 100004}
  m_Material: {fileID: 0}
  m_IsTrigger: 0
  m_Enabled: 0
  serializedVersion: 2
  m_Size: {x: 1, y: 1, z: 1}
  m_Center: {x: 0, y: 0, z: 0}
--- !u!114 &11400000
MonoBehaviour:
  m_ObjectHideFlags: 1
  m_PrefabParentObject: {fileID: 0}
  m_PrefabInternal: {fileID: 100100000}
  m_GameObject: {fileID: 100000}
  m_Enabled: 1
  m_EditorHideFlags: 0
  m_Script: {fileID: 11500000, guid: 6586f2552d2474041acfbbc595f98733, type: 3}
  m_Name: 
  m_EditorClassIdentifier: 
  itsDataModuleMinimap:
    itsAppearanceMiniMap:
      itsSize: .150000006
      itsButtonSize: .129999995
      itsButtonPadding: .0350000001
      itsButton: {fileID: 2800000, guid: 6e7b42d742366214c85b12b99dcb12d2, type: 3}
      itsButtonHover: {fileID: 2800000, guid: 6e7b42d742366214c85b12b99dcb12d2, type: 3}
      itsButtonDown: {fileID: 2800000, guid: 6e7b42d742366214c85b12b99dcb12d2, type: 3}
      itsIconZoomIn: {fileID: 2800000, guid: da38c094ff351c74383e823ec918fc88, type: 3}
      itsIconZoomOut: {fileID: 2800000, guid: 72f1667be8f0e594daa99d81cb1b65b4, type: 3}
      itsIconZoomLock: {fileID: 2800000, guid: 0d3ead7c8c68c58478f6e7c86ef4ce6b, type: 3}
      itsIconFullscreen: {fileID: 2800000, guid: 8c01063d7598cfe499109de1d0ea61e3,
        type: 3}
      itsBackground: {fileID: 2800000, guid: 2527e683f86169842aefc90ab5d98c0d, type: 3}
      itsBackgroundBorder: 0
      itsMask: {fileID: 2800000, guid: c3b74b1a5470188429d7f43f0d28db78, type: 3}
      itsScaleIcons: .0500000007
      itsScaleArrows: .100000001
      itsRadiusArrows: .800000012
      itsAlignmentVertical: 2
      itsAlignmentHorizontal: 2
    itsAppearanceMap:
      itsButtonSize: .0299999993
      itsButtonPadding: .00999999978
      itsButtonSpace: .00200000009
      itsButton: {fileID: 2800000, guid: b9d8d1daaa9b59a49a69a62a3d68beff, type: 3}
      itsButtonHover: {fileID: 2800000, guid: 33616bf945812d54cb64897bf1301bd3, type: 3}
      itsButtonDown: {fileID: 2800000, guid: a06b13089dc2db54996e78ac5ac6653e, type: 3}
      itsIconZoomIn: {fileID: 2800000, guid: 17a54a575897937459b0463dacc3e8ea, type: 3}
      itsIconZoomOut: {fileID: 2800000, guid: 846f40491e9fdaa43ad92a24d9d58f45, type: 3}
      itsIconZoomLock: {fileID: 2800000, guid: ad9e0d6c017797845bd57ad4dd94e8c1, type: 3}
      itsIconFullscreen: {fileID: 2800000, guid: 89eb0237c2cad5b4fa42d44b5871f8ae,
        type: 3}
      itsBackground: {fileID: 2800000, guid: db575d3e12749fb4c8bac3c3545e4be5, type: 3}
      itsBackgroundBorder: 20
      itsMask: {fileID: 0}
      itsScaleIcons: .25
      itsAlignmentVertical: 0
      itsAlignmentHorizontal: 2
      itsOrientation: 0
    itsFogOfWar:
      itsActive: 0
      itsResolutionX: 20
      itsResolutionY: 20
      itsRevealDistance: 10
      itsRevealedFullDistance: 5
      itsHideMapIcons: 1
    itsZoom:
      itsZoomStartValue: 2
      itsZoomMin: 2
      itsZoomMax: 2
      itsZoomChangeValue: 0
    itsViewport:
      itsActive: 0
      itsColor: {r: 1, g: 1, b: 1, a: .23137255}
      itsCamera: {fileID: 0}
    itsPhoto:
      itsTakePhoto: 1
      itsPhotoLayers:
        serializedVersion: 2
        m_Bits: 1024
    itsUserFlags:
      itsActive: 1
      itsMapIcon: {fileID: 11400000, guid: 02069b7c0129a594bb4a5fdbd83ddea2, type: 2}
      itsRemoveClickDistance: 2
    itsShaders:
      itsShaderMapIcon: {fileID: 4800000, guid: 002b5ec2d340e704f95f0397457dcc74,
        type: 3}
      itsShaderPhotoPlane: {fileID: 4800000, guid: b44116e80ef715f499fe00bad6e4ca52,
        type: 3}
      itsShaderFogOfWar: {fileID: 4800000, guid: e83c2f831bb0fd14b92751cdcbe823ec,
        type: 3}
      itsShaderMapMask: {fileID: 4800000, guid: 70d75ce7204167542b7b16ad164d8dcd,
        type: 3}
    itsTarget: {fileID: 0}
    itsIsStatic: 0
    itsStaticNorth: 0
    itsIsActive: 1
    itsColorMap: {r: 1, g: 1, b: 1, a: 1}
    itsColorBackground: {r: 0, g: 0, b: 0, a: 1}
    itsColorAll: {r: 1, g: 1, b: 1, a: 1}
--- !u!1001 &100100000
Prefab:
  m_ObjectHideFlags: 1
  serializedVersion: 2
  m_Modification:
    m_TransformParent: {fileID: 0}
    m_Modifications: []
    m_RemovedComponents: []
  m_ParentPrefab: {fileID: 0}
  m_RootGameObject: {fileID: 100000}
  m_IsPrefabParent: 1
  m_IsExploded: 1
