%YAML 1.1
%TAG !u! tag:unity3d.com,2011:
--- !u!1 &100000
GameObject:
  m_ObjectHideFlags: 0
  m_PrefabParentObject: {fileID: 0}
  m_PrefabInternal: {fileID: 100100000}
  serializedVersion: 4
  m_Component:
  - 4: {fileID: 400000}
  - 114: {fileID: 11400000}
  - 114: {fileID: 11400006}
  - 114: {fileID: 11400004}
  m_Layer: 0
  m_Name: Creator
  m_TagString: Untagged
  m_Icon: {fileID: 0}
  m_NavMeshLayer: 0
  m_StaticEditorFlags: 0
  m_IsActive: 1
--- !u!4 &400000
Transform:
  m_ObjectHideFlags: 1
  m_PrefabParentObject: {fileID: 0}
  m_PrefabInternal: {fileID: 100100000}
  m_GameObject: {fileID: 100000}
  m_LocalRotation: {x: 0, y: 0, z: 0, w: 1}
  m_LocalPosition: {x: 0, y: 0, z: 0}
  m_LocalScale: {x: 1, y: 1, z: 1}
  m_Children: []
  m_Father: {fileID: 0}
--- !u!114 &11400000
MonoBehaviour:
  m_ObjectHideFlags: 1
  m_PrefabParentObject: {fileID: 0}
  m_PrefabInternal: {fileID: 100100000}
  m_GameObject: {fileID: 100000}
  m_Enabled: 1
  m_EditorHideFlags: 0
  m_Script: {fileID: 11500000, guid: 1135699bcf2aaf147be1b8ea088b759c, type: 3}
  m_Name: 
  m_EditorClassIdentifier: 
  m_wisp: {fileID: 100006, guid: f0f1bc13616cf544bac4e4f93bd13f82, type: 2}
  m_ratkin_warrior: {fileID: 100150, guid: ca685500a86fab045b7c1e4d650bde2c, type: 2}
  m_ratkin_gunner: {fileID: 100000, guid: 60ec8574b853f6f45b098c3bac0d6775, type: 2}
  m_ratkin_mage: {fileID: 100000, guid: 3f55fbaf915bb034cb853d6a5f180d58, type: 2}
  m_ratkin_shaman: {fileID: 100000, guid: 2d22ec8f7fb3bad4f81228878649572f, type: 2}
  m_ogre_warrior: {fileID: 100000, guid: f3e30df98831fba47862828888a80ec8, type: 2}
  m_ogre_rogue: {fileID: 100000, guid: 8a05590ffcfd322448ca539a3e3f0f69, type: 2}
  m_ogre_mage: {fileID: 100012, guid: 74d8440a9a9a8fb4fa3137c028c3249d, type: 2}
  m_ogre_priest: {fileID: 100000, guid: 21405e8cd26ab4a4c975a8ad1c43f4b1, type: 2}
  m_playerCreatureIcon: {fileID: 2800000, guid: 4bb2a67f4bc38b649a3160b810463d82,
    type: 3}
  m_allyCreatureIcon: {fileID: 2800000, guid: 3011de5eec614674980fdb56f27f7417, type: 3}
  m_enemyCreatureIcon: {fileID: 2800000, guid: 739a56c2672221c4dad2547fa202d801, type: 3}
  m_neutralCreatureIcon: {fileID: 2800000, guid: 6fe6faff09ba08b4db235cbc4c1986b4,
    type: 3}
  m_spawnAGI: {fileID: 2800000, guid: 9b8df5ef50222c944933f8cadf66bf1e, type: 3}
  m_spawnINT: {fileID: 2800000, guid: 26b2e429193838846b0c50635b9cd2a2, type: 3}
  m_spawnATK: {fileID: 2800000, guid: e06eea25e786c3d41bc6b80cbf7c4fd0, type: 3}
  m_gameHUD: {fileID: 0}
--- !u!114 &11400004
MonoBehaviour:
  m_ObjectHideFlags: 1
  m_PrefabParentObject: {fileID: 0}
  m_PrefabInternal: {fileID: 100100000}
  m_GameObject: {fileID: 100000}
  m_Enabled: 1
  m_EditorHideFlags: 0
  m_Script: {fileID: 11500000, guid: cf7aa0e6fcfdd0b43993e7e232263861, type: 3}
  m_Name: 
  m_EditorClassIdentifier: 
--- !u!114 &11400006
MonoBehaviour:
  m_ObjectHideFlags: 1
  m_PrefabParentObject: {fileID: 0}
  m_PrefabInternal: {fileID: 100100000}
  m_GameObject: {fileID: 100000}
  m_Enabled: 1
  m_EditorHideFlags: 0
  m_Script: {fileID: 11500000, guid: ba7c256b96eb56447bc83c98e75881b0, type: 3}
  m_Name: 
  m_EditorClassIdentifier: 
--- !u!1001 &100100000
Prefab:
  m_ObjectHideFlags: 1
  serializedVersion: 2
  m_Modification:
    m_TransformParent: {fileID: 0}
    m_Modifications: []
    m_RemovedComponents: []
  m_ParentPrefab: {fileID: 0}
  m_RootGameObject: {fileID: 100000}
  m_IsPrefabParent: 1
  m_IsExploded: 1
