%YAML 1.1
%TAG !u! tag:unity3d.com,2011:
--- !u!29 &1
SceneSettings:
  m_ObjectHideFlags: 0
  m_PVSData: 
  m_PVSObjectsArray: []
  m_PVSPortalsArray: []
  m_OcclusionBakeSettings:
    smallestOccluder: 5
    smallestHole: .25
    backfaceThreshold: 100
--- !u!104 &2
RenderSettings:
  m_Fog: 0
  m_FogColor: {r: .5, g: .5, b: .5, a: 1}
  m_FogMode: 3
  m_FogDensity: .00999999978
  m_LinearFogStart: 0
  m_LinearFogEnd: 300
  m_AmbientLight: {r: .200000003, g: .200000003, b: .200000003, a: 1}
  m_SkyboxMaterial: {fileID: 0}
  m_HaloStrength: .5
  m_FlareStrength: 1
  m_FlareFadeSpeed: 3
  m_HaloTexture: {fileID: 0}
  m_SpotCookie: {fileID: 0}
  m_ObjectHideFlags: 0
--- !u!127 &3
LevelGameManager:
  m_ObjectHideFlags: 0
--- !u!157 &4
LightmapSettings:
  m_ObjectHideFlags: 0
  m_LightProbes: {fileID: 0}
  m_Lightmaps: []
  m_LightmapsMode: 1
  m_BakedColorSpace: 0
  m_UseDualLightmapsInForward: 0
  m_LightmapEditorSettings:
    m_Resolution: 50
    m_LastUsedResolution: 0
    m_TextureWidth: 1024
    m_TextureHeight: 1024
    m_BounceBoost: 1
    m_BounceIntensity: 1
    m_SkyLightColor: {r: .860000014, g: .930000007, b: 1, a: 1}
    m_SkyLightIntensity: 0
    m_Quality: 0
    m_Bounces: 1
    m_FinalGatherRays: 1000
    m_FinalGatherContrastThreshold: .0500000007
    m_FinalGatherGradientThreshold: 0
    m_FinalGatherInterpolationPoints: 15
    m_AOAmount: 0
    m_AOMaxDistance: .100000001
    m_AOContrast: 1
    m_LODSurfaceMappingDistance: 1
    m_Padding: 0
    m_TextureCompression: 0
    m_LockAtlas: 0
--- !u!196 &5
NavMeshSettings:
  m_ObjectHideFlags: 0
  m_BuildSettings:
    agentRadius: .5
    agentHeight: 2
    agentSlope: 45
    agentClimb: .400000006
    ledgeDropHeight: 0
    maxJumpAcrossDistance: 0
    accuratePlacement: 0
    minRegionArea: 2
    widthInaccuracy: 16.666666
    heightInaccuracy: 10
  m_NavMesh: {fileID: 0}
--- !u!1 &78840092
GameObject:
  m_ObjectHideFlags: 0
  m_PrefabParentObject: {fileID: 100000, guid: c98a91d0d418ae743aec9941fecce641, type: 2}
  m_PrefabInternal: {fileID: 1450887910}
  serializedVersion: 4
  m_Component:
  - 4: {fileID: 78840093}
  m_Layer: 0
  m_Name: Bone_010
  m_TagString: Untagged
  m_Icon: {fileID: 0}
  m_NavMeshLayer: 0
  m_StaticEditorFlags: 0
  m_IsActive: 1
--- !u!4 &78840093
Transform:
  m_ObjectHideFlags: 0
  m_PrefabParentObject: {fileID: 400000, guid: c98a91d0d418ae743aec9941fecce641, type: 2}
  m_PrefabInternal: {fileID: 1450887910}
  m_GameObject: {fileID: 78840092}
  m_LocalRotation: {x: .5, y: .5, z: -.5, w: .5}
  m_LocalPosition: {x: .000590115495, y: -1.20367241, z: .432235241}
  m_LocalScale: {x: 1, y: 1, z: 1}
  m_Children: []
  m_Father: {fileID: 1709574861}
--- !u!1 &248554841
GameObject:
  m_ObjectHideFlags: 0
  m_PrefabParentObject: {fileID: 100002, guid: c98a91d0d418ae743aec9941fecce641, type: 2}
  m_PrefabInternal: {fileID: 1450887910}
  serializedVersion: 4
  m_Component:
  - 4: {fileID: 248554842}
  m_Layer: 0
  m_Name: Bone_011
  m_TagString: Untagged
  m_Icon: {fileID: 0}
  m_NavMeshLayer: 0
  m_StaticEditorFlags: 0
  m_IsActive: 1
--- !u!4 &248554842
Transform:
  m_ObjectHideFlags: 0
  m_PrefabParentObject: {fileID: 400002, guid: c98a91d0d418ae743aec9941fecce641, type: 2}
  m_PrefabInternal: {fileID: 1450887910}
  m_GameObject: {fileID: 248554841}
  m_LocalRotation: {x: .5, y: .5, z: -.5, w: .5}
  m_LocalPosition: {x: .000590115495, y: -1.20367241, z: .242565393}
  m_LocalScale: {x: 1, y: 1, z: 1}
  m_Children: []
  m_Father: {fileID: 1709574861}
--- !u!1 &474867020
GameObject:
  m_ObjectHideFlags: 0
  m_PrefabParentObject: {fileID: 100004, guid: c98a91d0d418ae743aec9941fecce641, type: 2}
  m_PrefabInternal: {fileID: 1450887910}
  serializedVersion: 4
  m_Component:
  - 4: {fileID: 474867021}
  m_Layer: 0
  m_Name: Bone_005
  m_TagString: Untagged
  m_Icon: {fileID: 0}
  m_NavMeshLayer: 0
  m_StaticEditorFlags: 0
  m_IsActive: 1
--- !u!4 &474867021
Transform:
  m_ObjectHideFlags: 0
  m_PrefabParentObject: {fileID: 400004, guid: c98a91d0d418ae743aec9941fecce641, type: 2}
  m_PrefabInternal: {fileID: 1450887910}
  m_GameObject: {fileID: 474867020}
  m_LocalRotation: {x: .5, y: .5, z: -.5, w: .5}
  m_LocalPosition: {x: 1.04329634, y: -1.80499732, z: -2.00101089}
  m_LocalScale: {x: 1, y: 1, z: 1}
  m_Children: []
  m_Father: {fileID: 1709574861}
--- !u!1 &488935458
GameObject:
  m_ObjectHideFlags: 0
  m_PrefabParentObject: {fileID: 100006, guid: c98a91d0d418ae743aec9941fecce641, type: 2}
  m_PrefabInternal: {fileID: 1450887910}
  serializedVersion: 4
  m_Component:
  - 4: {fileID: 488935459}
  m_Layer: 0
  m_Name: Bone_014
  m_TagString: Untagged
  m_Icon: {fileID: 0}
  m_NavMeshLayer: 0
  m_StaticEditorFlags: 0
  m_IsActive: 1
--- !u!4 &488935459
Transform:
  m_ObjectHideFlags: 0
  m_PrefabParentObject: {fileID: 400006, guid: c98a91d0d418ae743aec9941fecce641, type: 2}
  m_PrefabInternal: {fileID: 1450887910}
  m_GameObject: {fileID: 488935458}
  m_LocalRotation: {x: .5, y: .5, z: -.5, w: .5}
  m_LocalPosition: {x: -1.0415256, y: -1.80602002, z: -.99980855}
  m_LocalScale: {x: 1, y: 1, z: 1}
  m_Children: []
  m_Father: {fileID: 1709574861}
--- !u!1 &518836824
GameObject:
  m_ObjectHideFlags: 0
  m_PrefabParentObject: {fileID: 100008, guid: c98a91d0d418ae743aec9941fecce641, type: 2}
  m_PrefabInternal: {fileID: 1450887910}
  serializedVersion: 4
  m_Component:
  - 4: {fileID: 518836825}
  m_Layer: 0
  m_Name: Bone_015
  m_TagString: Untagged
  m_Icon: {fileID: 0}
  m_NavMeshLayer: 0
  m_StaticEditorFlags: 0
  m_IsActive: 1
--- !u!4 &518836825
Transform:
  m_ObjectHideFlags: 0
  m_PrefabParentObject: {fileID: 400008, guid: c98a91d0d418ae743aec9941fecce641, type: 2}
  m_PrefabInternal: {fileID: 1450887910}
  m_GameObject: {fileID: 518836824}
  m_LocalRotation: {x: .5, y: .5, z: -.5, w: .5}
  m_LocalPosition: {x: -1.0415256, y: -1.80602002, z: -1.49855232}
  m_LocalScale: {x: 1, y: 1, z: 1}
  m_Children: []
  m_Father: {fileID: 1709574861}
--- !u!1 &656145042
GameObject:
  m_ObjectHideFlags: 0
  m_PrefabParentObject: {fileID: 0}
  m_PrefabInternal: {fileID: 0}
  serializedVersion: 4
  m_Component:
  - 4: {fileID: 656145046}
  - 33: {fileID: 656145045}
  - 65: {fileID: 656145044}
  - 23: {fileID: 656145043}
  m_Layer: 10
  m_Name: Ground
  m_TagString: Untagged
  m_Icon: {fileID: 0}
  m_NavMeshLayer: 0
  m_StaticEditorFlags: 0
  m_IsActive: 1
--- !u!23 &656145043
Renderer:
  m_ObjectHideFlags: 0
  m_PrefabParentObject: {fileID: 0}
  m_PrefabInternal: {fileID: 0}
  m_GameObject: {fileID: 656145042}
  m_Enabled: 1
  m_CastShadows: 1
  m_ReceiveShadows: 1
  m_LightmapIndex: 255
  m_LightmapTilingOffset: {x: 1, y: 1, z: 0, w: 0}
  m_Materials:
  - {fileID: 2100000, guid: d07d61b26cd72ce4d9b711055d479bdc, type: 2}
  m_SubsetIndices: 
  m_StaticBatchRoot: {fileID: 0}
  m_UseLightProbes: 0
  m_LightProbeAnchor: {fileID: 0}
  m_ScaleInLightmap: 1
  m_SortingLayer: 0
  m_SortingOrder: 0
  m_SortingLayerID: 0
--- !u!65 &656145044
BoxCollider:
  m_ObjectHideFlags: 0
  m_PrefabParentObject: {fileID: 0}
  m_PrefabInternal: {fileID: 0}
  m_GameObject: {fileID: 656145042}
  m_Material: {fileID: 0}
  m_IsTrigger: 0
  m_Enabled: 1
  serializedVersion: 2
  m_Size: {x: 1, y: 1, z: 1}
  m_Center: {x: 0, y: 0, z: 0}
--- !u!33 &656145045
MeshFilter:
  m_ObjectHideFlags: 0
  m_PrefabParentObject: {fileID: 0}
  m_PrefabInternal: {fileID: 0}
  m_GameObject: {fileID: 656145042}
  m_Mesh: {fileID: 10202, guid: 0000000000000000e000000000000000, type: 0}
--- !u!4 &656145046
Transform:
  m_ObjectHideFlags: 0
  m_PrefabParentObject: {fileID: 0}
  m_PrefabInternal: {fileID: 0}
  m_GameObject: {fileID: 656145042}
  m_LocalRotation: {x: 0, y: 0, z: 0, w: 1}
  m_LocalPosition: {x: 21, y: .5, z: 20}
  m_LocalScale: {x: 100, y: 1, z: 100}
  m_Children: []
  m_Father: {fileID: 0}
--- !u!1 &754565376
GameObject:
  m_ObjectHideFlags: 0
  m_PrefabParentObject: {fileID: 100010, guid: c98a91d0d418ae743aec9941fecce641, type: 2}
  m_PrefabInternal: {fileID: 1450887910}
  serializedVersion: 4
  m_Component:
  - 4: {fileID: 754565377}
  m_Layer: 0
  m_Name: Bone_012
  m_TagString: Untagged
  m_Icon: {fileID: 0}
  m_NavMeshLayer: 0
  m_StaticEditorFlags: 0
  m_IsActive: 1
--- !u!4 &754565377
Transform:
  m_ObjectHideFlags: 0
  m_PrefabParentObject: {fileID: 400010, guid: c98a91d0d418ae743aec9941fecce641, type: 2}
  m_PrefabInternal: {fileID: 1450887910}
  m_GameObject: {fileID: 754565376}
  m_LocalRotation: {x: .5, y: .5, z: -.5, w: .5}
  m_LocalPosition: {x: -1.0415256, y: -1.80602002, z: -1.55116737e-07}
  m_LocalScale: {x: 1, y: 1, z: 1}
  m_Children: []
  m_Father: {fileID: 1709574861}
--- !u!1 &763959632
GameObject:
  m_ObjectHideFlags: 0
  m_PrefabParentObject: {fileID: 100012, guid: c98a91d0d418ae743aec9941fecce641, type: 2}
  m_PrefabInternal: {fileID: 1450887910}
  serializedVersion: 4
  m_Component:
  - 4: {fileID: 763959633}
  - 111: {fileID: 763959634}
  - 114: {fileID: 763959635}
  m_Layer: 0
  m_Name: RTS_Arrow
  m_TagString: Untagged
  m_Icon: {fileID: 0}
  m_NavMeshLayer: 0
  m_StaticEditorFlags: 0
  m_IsActive: 1
--- !u!4 &763959633
Transform:
  m_ObjectHideFlags: 0
  m_PrefabParentObject: {fileID: 400012, guid: c98a91d0d418ae743aec9941fecce641, type: 2}
  m_PrefabInternal: {fileID: 1450887910}
  m_GameObject: {fileID: 763959632}
  m_LocalRotation: {x: 0, y: 0, z: 0, w: 1}
  m_LocalPosition: {x: 20, y: 2, z: -5}
  m_LocalScale: {x: 1, y: 1, z: 1}
  m_Children:
  - {fileID: 1709574861}
  - {fileID: 1235762276}
  m_Father: {fileID: 0}
--- !u!111 &763959634
Animation:
  m_ObjectHideFlags: 0
  m_PrefabParentObject: {fileID: 11100000, guid: c98a91d0d418ae743aec9941fecce641,
    type: 2}
  m_PrefabInternal: {fileID: 1450887910}
  m_GameObject: {fileID: 763959632}
  m_Enabled: 1
  serializedVersion: 3
  m_Animation: {fileID: 7400000, guid: e1416a709c590444d9e426ce5963b8e9, type: 3}
  m_Animations:
  - {fileID: 7400000, guid: e1416a709c590444d9e426ce5963b8e9, type: 3}
  m_WrapMode: 0
  m_PlayAutomatically: 1
  m_AnimatePhysics: 0
  m_CullingType: 1
--- !u!114 &763959635
MonoBehaviour:
  m_ObjectHideFlags: 0
  m_PrefabParentObject: {fileID: 11400000, guid: c98a91d0d418ae743aec9941fecce641,
    type: 2}
  m_PrefabInternal: {fileID: 1450887910}
  m_GameObject: {fileID: 763959632}
  m_Enabled: 1
  m_EditorHideFlags: 0
  m_Script: {fileID: 11500000, guid: 57425ef15b1be604c987b9da2fad8711, type: 3}
  m_Name: 
  m_EditorClassIdentifier: 
  arrow: {fileID: 763959632}
  animationSpeed: 4
  groundLayer:
    serializedVersion: 2
    m_Bits: 1024
--- !u!1 &879302242
GameObject:
  m_ObjectHideFlags: 0
  m_PrefabParentObject: {fileID: 100014, guid: c98a91d0d418ae743aec9941fecce641, type: 2}
  m_PrefabInternal: {fileID: 1450887910}
  serializedVersion: 4
  m_Component:
  - 4: {fileID: 879302243}
  m_Layer: 0
  m_Name: Bone_002
  m_TagString: Untagged
  m_Icon: {fileID: 0}
  m_NavMeshLayer: 0
  m_StaticEditorFlags: 0
  m_IsActive: 1
--- !u!4 &879302243
Transform:
  m_ObjectHideFlags: 0
  m_PrefabParentObject: {fileID: 400014, guid: c98a91d0d418ae743aec9941fecce641, type: 2}
  m_PrefabInternal: {fileID: 1450887910}
  m_GameObject: {fileID: 879302242}
  m_LocalRotation: {x: .5, y: .5, z: -.5, w: .5}
  m_LocalPosition: {x: -4.1132509e-08, y: -3.63061803e-09, z: -.999808431}
  m_LocalScale: {x: 1, y: 1, z: 1}
  m_Children: []
  m_Father: {fileID: 1709574861}
--- !u!1 &1066960549
GameObject:
  m_ObjectHideFlags: 0
  m_PrefabParentObject: {fileID: 100016, guid: c98a91d0d418ae743aec9941fecce641, type: 2}
  m_PrefabInternal: {fileID: 1450887910}
  serializedVersion: 4
  m_Component:
  - 4: {fileID: 1066960550}
  m_Layer: 0
  m_Name: Bone_008
  m_TagString: Untagged
  m_Icon: {fileID: 0}
  m_NavMeshLayer: 0
  m_StaticEditorFlags: 0
  m_IsActive: 1
--- !u!4 &1066960550
Transform:
  m_ObjectHideFlags: 0
  m_PrefabParentObject: {fileID: 400016, guid: c98a91d0d418ae743aec9941fecce641, type: 2}
  m_PrefabInternal: {fileID: 1450887910}
  m_GameObject: {fileID: 1066960549}
  m_LocalRotation: {x: .5, y: .5, z: -.5, w: .5}
  m_LocalPosition: {x: 1.04329634, y: -1.80499732, z: -.499904364}
  m_LocalScale: {x: 1, y: 1, z: 1}
  m_Children: []
  m_Father: {fileID: 1709574861}
--- !u!1 &1234790238
GameObject:
  m_ObjectHideFlags: 0
  m_PrefabParentObject: {fileID: 100018, guid: c98a91d0d418ae743aec9941fecce641, type: 2}
  m_PrefabInternal: {fileID: 1450887910}
  serializedVersion: 4
  m_Component:
  - 4: {fileID: 1234790239}
  m_Layer: 0
  m_Name: Bone_003
  m_TagString: Untagged
  m_Icon: {fileID: 0}
  m_NavMeshLayer: 0
  m_StaticEditorFlags: 0
  m_IsActive: 1
--- !u!4 &1234790239
Transform:
  m_ObjectHideFlags: 0
  m_PrefabParentObject: {fileID: 400018, guid: c98a91d0d418ae743aec9941fecce641, type: 2}
  m_PrefabInternal: {fileID: 1450887910}
  m_GameObject: {fileID: 1234790238}
  m_LocalRotation: {x: .5, y: .5, z: -.5, w: .5}
  m_LocalPosition: {x: -4.1132509e-08, y: -3.63061803e-09, z: -1.4985522}
  m_LocalScale: {x: 1, y: 1, z: 1}
  m_Children: []
  m_Father: {fileID: 1709574861}
--- !u!1 &1235762275
GameObject:
  m_ObjectHideFlags: 0
  m_PrefabParentObject: {fileID: 100020, guid: c98a91d0d418ae743aec9941fecce641, type: 2}
  m_PrefabInternal: {fileID: 1450887910}
  serializedVersion: 4
  m_Component:
  - 4: {fileID: 1235762276}
  - 137: {fileID: 1235762277}
  m_Layer: 0
  m_Name: ArrowMesh
  m_TagString: Untagged
  m_Icon: {fileID: 0}
  m_NavMeshLayer: 0
  m_StaticEditorFlags: 0
  m_IsActive: 1
--- !u!4 &1235762276
Transform:
  m_ObjectHideFlags: 0
  m_PrefabParentObject: {fileID: 400020, guid: c98a91d0d418ae743aec9941fecce641, type: 2}
  m_PrefabInternal: {fileID: 1450887910}
  m_GameObject: {fileID: 1235762275}
  m_LocalRotation: {x: -1.49011612e-08, y: -2.98023206e-08, z: .866025388, w: .50000006}
  m_LocalPosition: {x: .000590115495, y: -1.20367241, z: -1.00060499}
  m_LocalScale: {x: 1, y: .999999821, z: 1}
  m_Children: []
  m_Father: {fileID: 763959633}
--- !u!137 &1235762277
SkinnedMeshRenderer:
  m_ObjectHideFlags: 0
  m_PrefabParentObject: {fileID: 13700000, guid: c98a91d0d418ae743aec9941fecce641,
    type: 2}
  m_PrefabInternal: {fileID: 1450887910}
  m_GameObject: {fileID: 1235762275}
  m_Enabled: 1
  m_CastShadows: 1
  m_ReceiveShadows: 1
  m_LightmapIndex: 255
  m_LightmapTilingOffset: {x: 1, y: 1, z: 0, w: 0}
  m_Materials:
  - {fileID: 2100000, guid: ca7eafae6d3973e45ac871c4bd54c3ed, type: 2}
  m_SubsetIndices: 
  m_StaticBatchRoot: {fileID: 0}
  m_UseLightProbes: 0
  m_LightProbeAnchor: {fileID: 0}
  m_ScaleInLightmap: 1
  m_SortingLayer: 0
  m_SortingOrder: 0
  m_SortingLayerID: 0
  serializedVersion: 2
  m_Quality: 0
  m_UpdateWhenOffscreen: 0
  m_Mesh: {fileID: 4300000, guid: e1416a709c590444d9e426ce5963b8e9, type: 3}
  m_Bones:
  - {fileID: 1457429181}
  - {fileID: 2021803516}
  - {fileID: 879302243}
  - {fileID: 1234790239}
  - {fileID: 1561050566}
  - {fileID: 474867021}
  - {fileID: 1679262950}
  - {fileID: 1812040871}
  - {fileID: 1066960550}
  - {fileID: 1587408425}
  - {fileID: 78840093}
  - {fileID: 248554842}
  - {fileID: 754565377}
  - {fileID: 1435463596}
  - {fileID: 488935459}
  - {fileID: 518836825}
  - {fileID: 1826943351}
  m_BlendShapeWeights: []
  m_RootBone: {fileID: 1826943351}
  m_AABB:
    m_Center: {x: 1.15829718, y: 1.07935405, z: -.659854054}
    m_Extent: {x: 3.6017313, y: 2.99920249, z: 2.65538311}
  m_DirtyAABB: 0
--- !u!1 &1375596200
GameObject:
  m_ObjectHideFlags: 0
  m_PrefabParentObject: {fileID: 0}
  m_PrefabInternal: {fileID: 0}
  serializedVersion: 4
  m_Component:
  - 4: {fileID: 1375596205}
  - 20: {fileID: 1375596204}
  - 92: {fileID: 1375596203}
  - 124: {fileID: 1375596202}
  - 81: {fileID: 1375596201}
  m_Layer: 0
  m_Name: Main Camera
  m_TagString: MainCamera
  m_Icon: {fileID: 0}
  m_NavMeshLayer: 0
  m_StaticEditorFlags: 0
  m_IsActive: 1
--- !u!81 &1375596201
AudioListener:
  m_ObjectHideFlags: 0
  m_PrefabParentObject: {fileID: 0}
  m_PrefabInternal: {fileID: 0}
  m_GameObject: {fileID: 1375596200}
  m_Enabled: 1
--- !u!124 &1375596202
Behaviour:
  m_ObjectHideFlags: 0
  m_PrefabParentObject: {fileID: 0}
  m_PrefabInternal: {fileID: 0}
  m_GameObject: {fileID: 1375596200}
  m_Enabled: 1
--- !u!92 &1375596203
Behaviour:
  m_ObjectHideFlags: 0
  m_PrefabParentObject: {fileID: 0}
  m_PrefabInternal: {fileID: 0}
  m_GameObject: {fileID: 1375596200}
  m_Enabled: 1
--- !u!20 &1375596204
Camera:
  m_ObjectHideFlags: 0
  m_PrefabParentObject: {fileID: 0}
  m_PrefabInternal: {fileID: 0}
  m_GameObject: {fileID: 1375596200}
  m_Enabled: 1
  serializedVersion: 2
  m_ClearFlags: 1
  m_BackGroundColor: {r: .192156866, g: .301960796, b: .474509805, a: .0196078438}
  m_NormalizedViewPortRect:
    serializedVersion: 2
    x: 0
    y: 0
    width: 1
    height: 1
  near clip plane: .300000012
  far clip plane: 1000
  field of view: 60
  orthographic: 0
  orthographic size: 100
  m_Depth: -1
  m_CullingMask:
    serializedVersion: 2
    m_Bits: 4294967295
  m_RenderingPath: -1
  m_TargetTexture: {fileID: 0}
  m_HDR: 0
  m_OcclusionCulling: 1
--- !u!4 &1375596205
Transform:
  m_ObjectHideFlags: 0
  m_PrefabParentObject: {fileID: 0}
  m_PrefabInternal: {fileID: 0}
  m_GameObject: {fileID: 1375596200}
  m_LocalRotation: {x: .382683486, y: 0, z: 0, w: .923879564}
  m_LocalPosition: {x: 20, y: 6, z: -10}
  m_LocalScale: {x: 1, y: 1, z: 1}
  m_Children: []
  m_Father: {fileID: 0}
--- !u!1 &1435463595
GameObject:
  m_ObjectHideFlags: 0
  m_PrefabParentObject: {fileID: 100022, guid: c98a91d0d418ae743aec9941fecce641, type: 2}
  m_PrefabInternal: {fileID: 1450887910}
  serializedVersion: 4
  m_Component:
  - 4: {fileID: 1435463596}
  m_Layer: 0
  m_Name: Bone_013
  m_TagString: Untagged
  m_Icon: {fileID: 0}
  m_NavMeshLayer: 0
  m_StaticEditorFlags: 0
  m_IsActive: 1
--- !u!4 &1435463596
Transform:
  m_ObjectHideFlags: 0
  m_PrefabParentObject: {fileID: 400022, guid: c98a91d0d418ae743aec9941fecce641, type: 2}
  m_PrefabInternal: {fileID: 1450887910}
  m_GameObject: {fileID: 1435463595}
  m_LocalRotation: {x: .5, y: .5, z: -.5, w: .5}
  m_LocalPosition: {x: -1.0415256, y: -1.80602002, z: -.499904364}
  m_LocalScale: {x: 1, y: 1, z: 1}
  m_Children: []
  m_Father: {fileID: 1709574861}
--- !u!1001 &1450887910
Prefab:
  m_ObjectHideFlags: 0
  serializedVersion: 2
  m_Modification:
    m_TransformParent: {fileID: 0}
    m_Modifications:
    - target: {fileID: 400012, guid: c98a91d0d418ae743aec9941fecce641, type: 2}
      propertyPath: m_LocalPosition.x
      value: 20
      objectReference: {fileID: 0}
    - target: {fileID: 400012, guid: c98a91d0d418ae743aec9941fecce641, type: 2}
      propertyPath: m_LocalPosition.y
      value: 2
      objectReference: {fileID: 0}
    - target: {fileID: 400012, guid: c98a91d0d418ae743aec9941fecce641, type: 2}
      propertyPath: m_LocalPosition.z
      value: -5
      objectReference: {fileID: 0}
    - target: {fileID: 400012, guid: c98a91d0d418ae743aec9941fecce641, type: 2}
      propertyPath: m_LocalRotation.x
      value: 0
      objectReference: {fileID: 0}
    - target: {fileID: 400012, guid: c98a91d0d418ae743aec9941fecce641, type: 2}
      propertyPath: m_LocalRotation.y
      value: 0
      objectReference: {fileID: 0}
    - target: {fileID: 400012, guid: c98a91d0d418ae743aec9941fecce641, type: 2}
      propertyPath: m_LocalRotation.z
      value: 0
      objectReference: {fileID: 0}
    - target: {fileID: 400012, guid: c98a91d0d418ae743aec9941fecce641, type: 2}
      propertyPath: m_LocalRotation.w
      value: 1
      objectReference: {fileID: 0}
    m_RemovedComponents: []
  m_ParentPrefab: {fileID: 100100000, guid: c98a91d0d418ae743aec9941fecce641, type: 2}
  m_RootGameObject: {fileID: 763959632}
  m_IsPrefabParent: 0
  m_IsExploded: 1
--- !u!1 &1457429180
GameObject:
  m_ObjectHideFlags: 0
  m_PrefabParentObject: {fileID: 100024, guid: c98a91d0d418ae743aec9941fecce641, type: 2}
  m_PrefabInternal: {fileID: 1450887910}
  serializedVersion: 4
  m_Component:
  - 4: {fileID: 1457429181}
  m_Layer: 0
  m_Name: Bone
  m_TagString: Untagged
  m_Icon: {fileID: 0}
  m_NavMeshLayer: 0
  m_StaticEditorFlags: 0
  m_IsActive: 1
--- !u!4 &1457429181
Transform:
  m_ObjectHideFlags: 0
  m_PrefabParentObject: {fileID: 400024, guid: c98a91d0d418ae743aec9941fecce641, type: 2}
  m_PrefabInternal: {fileID: 1450887910}
  m_GameObject: {fileID: 1457429180}
  m_LocalRotation: {x: .5, y: .5, z: -.5, w: .5}
  m_LocalPosition: {x: -0, y: 0, z: 0}
  m_LocalScale: {x: 1, y: 1, z: 1}
  m_Children: []
  m_Father: {fileID: 1709574861}
--- !u!1 &1561050565
GameObject:
  m_ObjectHideFlags: 0
  m_PrefabParentObject: {fileID: 100026, guid: c98a91d0d418ae743aec9941fecce641, type: 2}
  m_PrefabInternal: {fileID: 1450887910}
  serializedVersion: 4
  m_Component:
  - 4: {fileID: 1561050566}
  m_Layer: 0
  m_Name: Bone_004
  m_TagString: Untagged
  m_Icon: {fileID: 0}
  m_NavMeshLayer: 0
  m_StaticEditorFlags: 0
  m_IsActive: 1
--- !u!4 &1561050566
Transform:
  m_ObjectHideFlags: 0
  m_PrefabParentObject: {fileID: 400026, guid: c98a91d0d418ae743aec9941fecce641, type: 2}
  m_PrefabInternal: {fileID: 1450887910}
  m_GameObject: {fileID: 1561050565}
  m_LocalRotation: {x: .5, y: .5, z: -.5, w: .5}
  m_LocalPosition: {x: -4.1132509e-08, y: -3.63061803e-09, z: -2.00101089}
  m_LocalScale: {x: 1, y: 1, z: 1}
  m_Children: []
  m_Father: {fileID: 1709574861}
--- !u!1 &1587408424
GameObject:
  m_ObjectHideFlags: 0
  m_PrefabParentObject: {fileID: 100028, guid: c98a91d0d418ae743aec9941fecce641, type: 2}
  m_PrefabInternal: {fileID: 1450887910}
  serializedVersion: 4
  m_Component:
  - 4: {fileID: 1587408425}
  m_Layer: 0
  m_Name: Bone_009
  m_TagString: Untagged
  m_Icon: {fileID: 0}
  m_NavMeshLayer: 0
  m_StaticEditorFlags: 0
  m_IsActive: 1
--- !u!4 &1587408425
Transform:
  m_ObjectHideFlags: 0
  m_PrefabParentObject: {fileID: 400028, guid: c98a91d0d418ae743aec9941fecce641, type: 2}
  m_PrefabInternal: {fileID: 1450887910}
  m_GameObject: {fileID: 1587408424}
  m_LocalRotation: {x: .5, y: .5, z: -.5, w: .5}
  m_LocalPosition: {x: 1.04329634, y: -1.80499732, z: -1.63372874e-07}
  m_LocalScale: {x: 1, y: 1, z: 1}
  m_Children: []
  m_Father: {fileID: 1709574861}
--- !u!1 &1679262949
GameObject:
  m_ObjectHideFlags: 0
  m_PrefabParentObject: {fileID: 100030, guid: c98a91d0d418ae743aec9941fecce641, type: 2}
  m_PrefabInternal: {fileID: 1450887910}
  serializedVersion: 4
  m_Component:
  - 4: {fileID: 1679262950}
  m_Layer: 0
  m_Name: Bone_006
  m_TagString: Untagged
  m_Icon: {fileID: 0}
  m_NavMeshLayer: 0
  m_StaticEditorFlags: 0
  m_IsActive: 1
--- !u!4 &1679262950
Transform:
  m_ObjectHideFlags: 0
  m_PrefabParentObject: {fileID: 400030, guid: c98a91d0d418ae743aec9941fecce641, type: 2}
  m_PrefabInternal: {fileID: 1450887910}
  m_GameObject: {fileID: 1679262949}
  m_LocalRotation: {x: .5, y: .5, z: -.5, w: .5}
  m_LocalPosition: {x: 1.04329634, y: -1.80499732, z: -1.49855232}
  m_LocalScale: {x: 1, y: 1, z: 1}
  m_Children: []
  m_Father: {fileID: 1709574861}
--- !u!1 &1709574860
GameObject:
  m_ObjectHideFlags: 0
  m_PrefabParentObject: {fileID: 100032, guid: c98a91d0d418ae743aec9941fecce641, type: 2}
  m_PrefabInternal: {fileID: 1450887910}
  serializedVersion: 4
  m_Component:
  - 4: {fileID: 1709574861}
  m_Layer: 0
  m_Name: Arrow
  m_TagString: Untagged
  m_Icon: {fileID: 0}
  m_NavMeshLayer: 0
  m_StaticEditorFlags: 0
  m_IsActive: 1
--- !u!4 &1709574861
Transform:
  m_ObjectHideFlags: 0
  m_PrefabParentObject: {fileID: 400032, guid: c98a91d0d418ae743aec9941fecce641, type: 2}
  m_PrefabInternal: {fileID: 1450887910}
  m_GameObject: {fileID: 1709574860}
  m_LocalRotation: {x: .353553355, y: .612372577, z: .612372398, w: -.353553444}
  m_LocalPosition: {x: 1.04270601, y: 1.00060487, z: .601325035}
  m_LocalScale: {x: 1, y: .99999994, z: 1}
  m_Children:
  - {fileID: 1457429181}
  - {fileID: 2021803516}
  - {fileID: 879302243}
  - {fileID: 1234790239}
  - {fileID: 1561050566}
  - {fileID: 474867021}
  - {fileID: 1679262950}
  - {fileID: 1812040871}
  - {fileID: 1066960550}
  - {fileID: 1587408425}
  - {fileID: 78840093}
  - {fileID: 248554842}
  - {fileID: 754565377}
  - {fileID: 1435463596}
  - {fileID: 488935459}
  - {fileID: 518836825}
  - {fileID: 1826943351}
  m_Father: {fileID: 763959633}
--- !u!1 &1812040870
GameObject:
  m_ObjectHideFlags: 0
  m_PrefabParentObject: {fileID: 100034, guid: c98a91d0d418ae743aec9941fecce641, type: 2}
  m_PrefabInternal: {fileID: 1450887910}
  serializedVersion: 4
  m_Component:
  - 4: {fileID: 1812040871}
  m_Layer: 0
  m_Name: Bone_007
  m_TagString: Untagged
  m_Icon: {fileID: 0}
  m_NavMeshLayer: 0
  m_StaticEditorFlags: 0
  m_IsActive: 1
--- !u!4 &1812040871
Transform:
  m_ObjectHideFlags: 0
  m_PrefabParentObject: {fileID: 400034, guid: c98a91d0d418ae743aec9941fecce641, type: 2}
  m_PrefabInternal: {fileID: 1450887910}
  m_GameObject: {fileID: 1812040870}
  m_LocalRotation: {x: .5, y: .5, z: -.5, w: .5}
  m_LocalPosition: {x: 1.04329634, y: -1.80499732, z: -.99980855}
  m_LocalScale: {x: 1, y: 1, z: 1}
  m_Children: []
  m_Father: {fileID: 1709574861}
--- !u!1 &1826943350
GameObject:
  m_ObjectHideFlags: 0
  m_PrefabParentObject: {fileID: 100036, guid: c98a91d0d418ae743aec9941fecce641, type: 2}
  m_PrefabInternal: {fileID: 1450887910}
  serializedVersion: 4
  m_Component:
  - 4: {fileID: 1826943351}
  m_Layer: 0
  m_Name: Bone_016
  m_TagString: Untagged
  m_Icon: {fileID: 0}
  m_NavMeshLayer: 0
  m_StaticEditorFlags: 0
  m_IsActive: 1
--- !u!4 &1826943351
Transform:
  m_ObjectHideFlags: 0
  m_PrefabParentObject: {fileID: 400036, guid: c98a91d0d418ae743aec9941fecce641, type: 2}
  m_PrefabInternal: {fileID: 1450887910}
  m_GameObject: {fileID: 1826943350}
  m_LocalRotation: {x: .5, y: .5, z: -.5, w: .5}
  m_LocalPosition: {x: -1.0415256, y: -1.80602002, z: -2.00101089}
  m_LocalScale: {x: 1, y: 1, z: 1}
  m_Children: []
  m_Father: {fileID: 1709574861}
--- !u!1 &2021803515
GameObject:
  m_ObjectHideFlags: 0
  m_PrefabParentObject: {fileID: 100038, guid: c98a91d0d418ae743aec9941fecce641, type: 2}
  m_PrefabInternal: {fileID: 1450887910}
  serializedVersion: 4
  m_Component:
  - 4: {fileID: 2021803516}
  m_Layer: 0
  m_Name: Bone_001
  m_TagString: Untagged
  m_Icon: {fileID: 0}
  m_NavMeshLayer: 0
  m_StaticEditorFlags: 0
  m_IsActive: 1
--- !u!4 &2021803516
Transform:
  m_ObjectHideFlags: 0
  m_PrefabParentObject: {fileID: 400038, guid: c98a91d0d418ae743aec9941fecce641, type: 2}
  m_PrefabInternal: {fileID: 1450887910}
  m_GameObject: {fileID: 2021803515}
  m_LocalRotation: {x: .5, y: .5, z: -.5, w: .5}
  m_LocalPosition: {x: -4.1132509e-08, y: -3.63061803e-09, z: -.499904245}
  m_LocalScale: {x: 1, y: 1, z: 1}
  m_Children: []
  m_Father: {fileID: 1709574861}
